%
%  An example of a bibliographical database for bibTeX
%
%  Recommended software for maintenance of *.bib files:
%    JabRef, http://jabref.sourceforge.net/
%
%  BEWARE:
%
%    *  If a name contains a capital letter, which must be kept such,
%       use curly brackets ({T}hailand, {HIV}).
%
%  ===========================================================================
@article{RR,
  title={Order-picking in a rectangular warehouse: a solvable case of the traveling salesman problem},
  author={Ratliff, H Donald and Rosenthal, Arnon S},
  journal={Operations research},
  volume={31},
  number={3},
  pages={507--521},
  year={1983},
  publisher={INFORMS}
}

% Extension to RR to rectilinear graph.
@article{pansart2018,
  title={Exact algorithms for the order picking problem},
  author={Pansart, Lucie and Catusse, Nicolas and Cambazard, Hadrien},
  journal={Computers \& Operations Research},
  volume={100},
  pages={117--127},
  year={2018},
  publisher={Elsevier}
}

@book{Tompkins2010,
  title={Facilities Planning},
  author={Tompkins, J.A. and White, J.A. and Bozer, Y.A. and Tanchoco, J.M.A.},
  isbn={9780470444047},
  lccn={2010455781},
  url={https://books.google.cz/books?id=-xBIq6Qm2SQC},
  year={2010},
  publisher={Wiley}
}

@article{deKoster1998,
  title={Routing orderpickers in a warehouse: a comparison between optimal and heuristic solutions},
  author={De Koster, Ren{\'e} and Van Der Poort, Edo},
  journal={IIE transactions},
  volume={30},
  number={5},
  pages={469--480},
  year={1998},
  publisher={Springer}
}

@article{zulj2018,
  title={Picker routing and storage-assignment strategies for precedence-constrained order picking},
  author={{\v{Z}}ulj, Ivan and Glock, Christoph H and Grosse, Eric H and Schneider, Michael},
  journal={Computers \& Industrial Engineering},
  volume={123},
  pages={338--347},
  year={2018},
  publisher={Elsevier}
}

%Largest gap, midpoint, return
@article{hall1993,
  title={Distance approximations for routing manual pickers in a warehouse},
  author={Hall, Randolph W},
  journal={IIE transactions},
  volume={25},
  number={4},
  pages={76--87},
  year={1993},
  publisher={Taylor \& Francis}
}

%
@article{petersen1997evaluation,
  title={An evaluation of order picking routeing policies},
  author={Petersen, Charles G},
  journal={International Journal of Operations \& Production Management},
  year={1997},
  publisher={MCB UP Ltd}
}

@article{vaughan1999,
  title={The effect of warehouse cross aisles on order picking efficiency},
  author={Vaughan, TS},
  journal={International Journal of Production Research},
  volume={37},
  number={4},
  pages={881--897},
  year={1999},
  publisher={Taylor \& Francis}
}

@article{roodbergen2001,
  title={Routing methods for warehouses with multiple cross aisles},
  author={Roodbergen, Kees Jan and Koster, Ren{\'E}de},
  journal={International Journal of Production Research},
  volume={39},
  number={9},
  pages={1865--1883},
  year={2001},
  publisher={Taylor \& Francis}
}

% Scattered storage heuristics, NP-hardness of the problem
@article{weidinger2018,
  title={Picker routing in rectangular mixed shelves warehouses},
  author={Weidinger, Felix},
  journal={Computers \& Operations Research},
  volume={95},
  pages={139--150},
  year={2018},
  publisher={Elsevier}
}

% Extension of scattered storage?
@article{boysen2019warehousing,
  title={Warehousing in the e-commerce era: A survey},
  author={Boysen, Nils and de Koster, Ren{\'e} and Weidinger, Felix},
  journal={European Journal of Operational Research},
  volume={277},
  number={2},
  pages={396--411},
  year={2019},
  publisher={Elsevier}
}

% ACO, S-shape+ heuristics
@article{chen2013ant,
  title={An ant colony optimization routing algorithm for two order pickers with congestion consideration},
  author={Chen, Fangyu and Wang, Hongwei and Qi, Chao and Xie, Yong},
  journal={Computers \& Industrial Engineering},
  volume={66},
  number={1},
  pages={77--85},
  year={2013},
  publisher={Elsevier}
}

% ACO extension
@article{chen2016,
  title={An ACO-based online routing method for multiple order pickers with congestion consideration in warehouse},
  author={Chen, Fangyu and Wang, Hongwei and Xie, Yong and Qi, Chao},
  journal={Journal of Intelligent Manufacturing},
  volume={27},
  number={2},
  pages={389--408},
  year={2016},
  publisher={Springer}
}

% ACO routing
@article{de2018,
  title={An adapted ant colony optimization algorithm for the minimization of the travel distance of pickers in manual warehouses},
  author={De Santis, Roberta and Montanari, Roberto and Vignali, Giuseppe and Bottani, Eleonora},
  journal={European Journal of Operational Research},
  volume={267},
  number={1},
  pages={120--137},
  year={2018},
  publisher={Elsevier}
}

% LKH TSP
@article{theys2010,
  title={Using a TSP heuristic for routing order pickers in warehouses},
  author={Theys, Christophe and Br{\"a}ysy, Olli and Dullaert, Wout and Raa, Birger},
  journal={European Journal of Operational Research},
  volume={200},
  number={3},
  pages={755--763},
  year={2010},
  publisher={Elsevier}
}

% 3 aisles RR extension
@article{roodbergen2001b,
  title={Routing order pickers in a warehouse with a middle aisle},
  author={Roodbergen, Kees Jan and De Koster, Ren{\'e}},
  journal={European Journal of Operational Research},
  volume={133},
  number={1},
  pages={32--43},
  year={2001},
  publisher={Elsevier}
}

% Rectilinear TSP in poly time.
@article{cambazard,
  author    = {Hadrien Cambazard and
               Nicolas Catusse},
  title     = {Fixed-Parameter Algorithms for Rectilinear Steiner tree and Rectilinear
               Traveling Salesman Problem in the plane},
  journal   = {CoRR},
  volume    = {abs/1512.06649},
  year      = {2015},
  url       = {http://arxiv.org/abs/1512.06649},
  archivePrefix = {arXiv},
  eprint    = {1512.06649},
  timestamp = {Mon, 13 Aug 2018 16:48:49 +0200},
  biburl    = {https://dblp.org/rec/journals/corr/CambazardC15.bib},
  bibsource = {dblp computer science bibliography, https://dblp.org}
}

% Hybrid GA OPR with returns and interaction delays
@article{schr2017,
  title={Order picker routing with product returns and interaction delays},
  author={Schrotenboer, Albert H and Wruck, Susanne and Roodbergen, Kees Jan and Veenstra, Marjolein and Dijkstra, Arjan S},
  journal={International Journal of Production Research},
  volume={55},
  number={21},
  pages={6394--6406},
  year={2017},
  publisher={Taylor \& Francis}
}

@article{pan2012,
  title={Throughput analysis for order picking system with multiple pickers and aisle congestion considerations},
  author={Pan, Jason Chao-Hsien and Wu, Ming-Hung},
  journal={Computers \& Operations Research},
  volume={39},
  number={7},
  pages={1661--1672},
  year={2012},
  publisher={Elsevier}
}

@article{heath2013,
  title={An agent-based modeling approach to analyze the impact of warehouse congestion on cost and performance},
  author={Heath, Brian L and Ciarallo, Frank W and Hill, Raymond R},
  journal={The International Journal of Advanced Manufacturing Technology},
  volume={67},
  number={1-4},
  pages={563--574},
  year={2013},
  publisher={Springer}
}

@article{klodawski2018,
  title={Simulation analysis of order picking efficiency with congestion situations},
  author={Klodawski, M and Jachimowski, R and Jacyna-Golda, I and Izdebski, M},
  journal={International Journal of Simulation Modelling},
  volume={17},
  number={3},
  pages={431--443},
  year={2018}
}

@article{mapf,
  author    = {Roni Stern and
               Nathan Sturtevant and
               Ariel Felner and
               Sven Koenig and
               Hang Ma and
               Thayne T. Walker and
               Jiaoyang Li and
               Dor Atzmon and
               Liron Cohen and
               T. K. Satish Kumar and
               Eli Boyarski and
               Roman Bart{\'{a}}k},
  title     = {Multi-Agent Pathfinding: Definitions, Variants, and Benchmarks},
  journal   = {CoRR},
  volume    = {abs/1906.08291},
  year      = {2019},
  url       = {http://arxiv.org/abs/1906.08291},
  archivePrefix = {arXiv},
  eprint    = {1906.08291},
  timestamp = {Fri, 10 Jan 2020 07:59:55 +0100},
  biburl    = {https://dblp.org/rec/journals/corr/abs-1906-08291.bib},
  bibsource = {dblp computer science bibliography, https://dblp.org}
}

% Z wide-aisle heuristic
@article{goet1988,
  title={Order picking in an aisle},
  author={Goetschalckx, Marc and Donald Ratliff, H},
  journal={IIE transactions},
  volume={20},
  number={1},
  pages={53--62},
  year={1988},
  publisher={Taylor \& Francis}
}

% Symmetry breaking, corridor conflicts
@inproceedings{li2020,
  title={New techniques for pairwise symmetry breaking in multi-agent path finding},
  author={Li, Jiaoyang and Gange, Graeme and Harabor, Daniel and Stuckey, Peter J and Ma, Hang and Koenig, Sven},
  booktitle={Proceedings of the International Conference on Automated Planning and Scheduling},
  volume={30},
  pages={193--201},
  year={2020}
}










@BOOK{Andel07,
  title = {Základy matematické statistiky},
  publisher = {Matfyzpress},
  year = {2007},
  author = {Anděl, J.},
  address = {Praha},
  series = {Druhé opravené vydání},
  isbn = {80-7378-001-1}
}

@BOOK{Andel98,
  title = {Statistické metody},
  publisher = {Matfyzpress},
  year = {1998},
  author = {Anděl, J.},
  address = {Praha},
  series = {Druhé přepracované vydání},
  isbn = {80-85863-27-8}
}

@ARTICLE{Cox72,
  author = {Cox, D. R.},
  title = {Regression models and life-tables (with {D}iscussion)},
  journal = {Journal of the Royal Statistical Society, Series B},
  year = {1972},
  volume = {34},
  pages = {187--220},
  number = {2}
}

@ARTICLE{DempsterLairdRubin77,
  author = {Dempster, A. P. and Laird, N. M. and Rubin, D. B.},
  title = {Maximum likelihood from incomplete data via the {EM} algorithm},
  journal = {Journal of the Royal Statistical Society, Series B},
  year = {1977},
  volume = {39},
  pages = {1--38},
  number = {1}
}

@ARTICLE{Genberget08,
  author = {Genberg, B. L. and Kulich, M. and Kawichai, S. and Modiba, P. and
	Chingono, A. and Kilonzo, G. P. and Richter, L. and Pettifor, A.
	and Sweat, M. and Celentano, D. D.},
  title = {{HIV} risk behaviors in Sub-{S}aharan {A}frica and {N}orthern {T}hailand:
	{B}aseline behavioral data from project {A}ccept},
  journal = {Journal of Acquired Immune Deficiency Syndrome},
  year = {2008},
  volume = {49},
  pages = {309--319}
}

@ARTICLE{KaplanMeier58,
  author = {Kaplan, E. L. and Meier, P.},
  title = {Nonparametric estimation from incomplete observations},
  journal = {Journal of the American Statistical Association},
  year = {1958},
  volume = {53},
  pages = {457--481},
  number = {282}
}

@BOOK{LehmannCasella98,
  title = {Theory of Point Estimation},
  publisher = {Springer-Verlag},
  year = {1998},
  author = {Lehmann, E. L. and Casella, G.},
  address = {New York},
  series = {{S}econd {E}dition},
  isbn = {0-387-98502-6}
}

@ARTICLE{Student08,
  author = {Student},
  title = {On the probable error of the mean},
  journal = {Biometrika},
  year = {1908},
  volume = {6},
  pages = {1-25}
}
